@book{ xivA19,
title = "Breviarium usui canonicorum metropolitanae ecclesiae Pragensis adaptatum, notis musicis instructum",
library = "Národní knihovna ČR, sig. XIV~A~19",
url = "http://www.manuscriptorium.com/apps/index.php?direct=record&pid=AIPDIG-NKCR__XIV_A_19____1U2A1JF-cs"
}

@book{ bp1502,
title = "Liber horarum canonicarum secundum veram Rubricam archiepiscopatus ecclesie pragensis",
% TODO: printer, location, year, shorter title for citations
year = "1502",
library = "Národní knihovna ČR, sig. XXXIII~A~36",
url = "https://books.google.cz/books?id=oRVkAAAAcAAJ"
}

@book{ xiv_a_19,
title = "Breviarium usui canonicorum metropolitanae ecclesiae Pragensis adaptatum",
library = "Národní knihovna ČR, sig. XIV~A~19",
url = "http://www.manuscriptorium.com/apps/index.php?direct=record&pid=AIPDIG-NKCR__XIV_A_19____1U2A1JF-cs"
}
